<?xml version="1.0" encoding="UTF-8"?><collection xmlns="http://www.loc.gov/MARC21/slim"><record><leader>00485nam--2200145-i-4500</leader><controlfield tag="001">000007516</controlfield><controlfield tag="002">20161230</controlfield><controlfield tag="005">20170221233253</controlfield><controlfield tag="008">060222s1000------------r-----000-0-eng-d</controlfield><datafield ind1=" " ind2=" " tag="100"><subfield code="a">Diringer, Michele</subfield></datafield><datafield ind1=" " ind2=" " tag="245"><subfield code="a">Etude du deplacement isotopique de l uranium (235-238). Contribution a la classification des spectres d arc et d etincelle de l uranium</subfield></datafield><datafield ind1=" " ind2=" " tag="260"><subfield code="a">Paris</subfield><subfield code="b">La Faculte Des Sciences De L Universite</subfield><subfield code="c">1964</subfield></datafield><datafield ind1=" " ind2=" " tag="300"><subfield code="a">32 p</subfield></datafield><datafield ind1=" " ind2=" " tag="490"><subfield code="a">These</subfield></datafield><datafield ind1=" " ind2=" " tag="CAT"><subfield code="a">SYS</subfield><subfield code="c">20170221</subfield><subfield code="h">233253</subfield></datafield></record></collection>